@webpage{wiki-git-annex,
  author =       "Wikipedia contributors",
  title =        "git-annex",
  howpublished = "online",
  publisher =    "Wikipedia, The Free Encyclopedia.",
  year =         "2015",
  month =        5,
  url =          "https://en.wikipedia.org/w/index.php?title=Git-annex&oldid=915249727",
  cited =        "2020-04-03"
}

@BOOK{android-Lacko,
  author =       "Ľuboslav Lacko",
  title =        "Vývoj aplikací pro Android",
  publisher =    "Computer Press (CP Books)",
  year =         "2015",
  isbn =         "978-80-251-4347-6",
}

    